<?xml version="1.0" encoding="UTF-8"?><collection xmlns="http://www.loc.gov/MARC21/slim"><record><leader>00380nam--2200121-i-4500</leader><controlfield tag="001">000025505</controlfield><controlfield tag="002">20161230</controlfield><controlfield tag="005">20170127194439</controlfield><controlfield tag="008">060222s1000------------r-----000-0-eng-d</controlfield><datafield ind1=" " ind2=" " tag="245"><subfield code="a">Deuxiemes journees internationales de calcul analogique</subfield><subfield code="b">Strasbourg, 1-6 Sept.1958. Actes</subfield></datafield><datafield ind1=" " ind2=" " tag="260"><subfield code="a">Bruxelles</subfield><subfield code="b">Presses Academiques Europeennes</subfield><subfield code="c">1959</subfield></datafield><datafield ind1=" " ind2=" " tag="300"><subfield code="a">501 p</subfield></datafield><datafield ind1=" " ind2=" " tag="CAT"><subfield code="a">SYS</subfield><subfield code="c">20170127</subfield><subfield code="h">194439</subfield></datafield></record></collection>